@book{pohzas,
  author = {Pohst, M. and Zassenhaus, H.},
  title = {Algorithmic Algebraic Number Theory},
  publisher = {Cambridge University Press},
  year = {1989},
  url = {http://dx.doi.org/10.1017/CBO9780511661952}
}

@book{cohen93,
  title={A Course in Computational Algebraic Number Theory},
  author={Cohen, H.},
  isbn={9783540556404},
  lccn={96044745},
  series={Graduate Texts in Mathematics},
  url={http://books.google.co.uk/books?id=hXGr-9l1DXcC},
  year={1993},
  publisher={Springer}
}

@book{cohen00,
  title={Advanced Topics in Computational Number Theory},
  author={Cohen, H.},
  isbn={9780387987279},
  lccn={99020756},
  series={Graduate Texts in Mathematics},
  url={http://books.google.co.uk/books?id=Vaq2154dsQIC},
  year={2000},
  publisher={Springer New York}
}

@book{neukirch10,
  title={Algebraic Number Theory},
  author={Neukirch, J. and Schappacher, N.},
  isbn={9783642084737},
  series={Grundlehren der mathematischen Wissenschaften},
  url={http://books.google.co.uk/books?id=YUBOcgAACAAJ},
  year={2010},
  publisher={Springer}
}

@book{lang94,
  title={Algebraic Number Theory},
  author={Lang, S.},
  isbn={9780387942254},
  lccn={93050625},
  series={Applied Mathematical Sciences},
  url={http://books.google.co.uk/books?id=u5eGtA0YalgC},
  year={1994},
  publisher={Springer}
}

@phdthesis{brakenhoff,
  author={Johannes Brakenhoff},
  title={Counting problems for number rings},
  year={2009},
  school={Universiteit Leiden}
}
